<?xml version="1.0" encoding="UTF-8"?><collection xmlns="http://www.loc.gov/MARC21/slim"><record><leader>00586nam--2200181-i-4500</leader><controlfield tag="001">000035921</controlfield><controlfield tag="002">20161230</controlfield><controlfield tag="005">20161230201040</controlfield><controlfield tag="008">060222s1000------------r-----000-0-rum-d</controlfield><datafield ind1=" " ind2=" " tag="040"><subfield code="a">IFIN-HH</subfield></datafield><datafield ind1=" " ind2=" " tag="041"><subfield code="a">rum</subfield></datafield><datafield ind1=" " ind2=" " tag="080"><subfield code="a">541.136:621.351</subfield></datafield><datafield ind1="1" ind2=" " tag="100"><subfield code="a">Oniciu, Liviu</subfield></datafield><datafield ind1="1" ind2="0" tag="245"><subfield code="a">Conversia electrochimica a energiei</subfield><subfield code="c">Liviu oniciu (coord), serban agachi, liviu boros, ion mitrahe, eugenia schmidt, atila soo, eleonora suciu vasile topan</subfield></datafield><datafield ind1=" " ind2=" " tag="260"><subfield code="a">Bucuresti</subfield><subfield code="b">Editura Stiintifica Si Enciclopedica</subfield><subfield code="c">1977</subfield></datafield><datafield ind1=" " ind2=" " tag="300"><subfield code="a">456P</subfield></datafield><datafield ind1=" " ind2=" " tag="852"><subfield code="a">43850</subfield><subfield code="c">621.35</subfield></datafield><datafield ind1=" " ind2=" " tag="CAT"><subfield code="a">Sys</subfield><subfield code="c">20141028</subfield><subfield code="h">165330</subfield></datafield></record></collection>